<?xml version="1.0" encoding="UTF-8"?><collection xmlns="http://www.loc.gov/MARC21/slim"><record><leader>00456nam--2200157-i-4500</leader><controlfield tag="001">000044484</controlfield><controlfield tag="002">20161230</controlfield><controlfield tag="005">20170111005159</controlfield><controlfield tag="008">060222s1000------------r-----000-0-eng-d</controlfield><datafield ind1=" " ind2=" " tag="100"><subfield code="a">Melvin, Terry Earle</subfield></datafield><datafield ind1=" " ind2=" " tag="245"><subfield code="a">Advanced laboratory practice in electricity and magnetism</subfield><subfield code="b">Revised by prof. Hugo Bernard Wahlin</subfield></datafield><datafield ind1=" " ind2=" " tag="250"><subfield code="a">Third edition</subfield></datafield><datafield ind1=" " ind2=" " tag="260"><subfield code="a">London</subfield><subfield code="b">McgGaw Hill</subfield><subfield code="c">1936</subfield></datafield><datafield ind1=" " ind2=" " tag="300"><subfield code="a">XIV + 318 p</subfield></datafield><datafield ind1=" " ind2=" " tag="852"><subfield code="a">2030</subfield></datafield><datafield ind1=" " ind2=" " tag="CAT"><subfield code="a">SYS</subfield><subfield code="c">20170111</subfield><subfield code="h">005159</subfield></datafield></record></collection>